% Encoding: UTF-8

@book{rice2007,
  title={Mathematical statistics and data analysis},
  author={Rice, John A and Rice, John A},
  volume={371},
  year={2007},
  publisher={Thomson/Brooks/Cole Belmont, CA}
}
@article{student1908,
  title={The probable error of a mean},
  author={Student},
  journal={Biometrika},
  pages={1--25},
  year={1908},
  publisher={JSTOR}
}
@article{Benjamini1995,
	title={Controlling the False Discovery Rate: A Practical and Powerful Approach to Multiple Testing},
	author={Yoav Benjamini and Yosef Hochberg},
	journal={Journal of the Royal Statistical Society: Series B (Methodological)},
	volume={57},
	pages={289-300},
	year={1995},
}
@article{Holm1979,
	title={A Simple Sequentially Rejective Multiple Test Procedure},
	author={Sture Holm},
	journal={Scandinavian Journal of Statistics},
	volume={6},
	number={2},
	pages={65-70},
	year={1979},
	publisher={Wiley},
}
@book{Hollander2013,
	title={Nonparametric Statistical Methods},
	author={Myles Hollander and Douglas A. Wolfe and Eric Chicken},
	year={2013},
	edition={3rd},
	publisher={John Wiley \& Sons},
}
@book{agresti2012,
  title={Categorical data analysis},
  author={Agresti, Alan},
  volume={792},
  year={2012},
  publisher={John Wiley \& Sons}
}
@article{Newcombe1998,
  title={Two-sided confidence intervals for the single proportion: comparison of seven methods},
  author={Newcombe, Robert G},
  journal={Statistics in medicine},
  volume={17},
  number={8},
  pages={857--872},
  year={1998},
  publisher={Wiley Online Library}
}
@inproceedings{Kohavi2013,
  title={Online controlled experiments at large scale},
  author={Kohavi, Ron and Deng, Alex and Frasca, Brian and Walker, Toby and Xu, Ya and Pohlmann, Nils},
  booktitle={Proceedings of the 19th ACM SIGKDD international conference on Knowledge discovery and data mining},
  pages={1168--1176},
  year={2013}
}
@book{cohen2013,
  title={Statistical power analysis for the behavioral sciences},
  author={Cohen, Jacob},
  year={2013},
  publisher={routledge}
}
@article{sullivan2012,
  title={Using effect size—or why the P value is not enough},
  author={Sullivan, Gail M and Feinn, Richard},
  journal={Journal of graduate medical education},
  volume={4},
  number={3},
  pages={279--282},
  year={2012},
  publisher={The Accreditation Council for Graduate Medical Education Suite 2000, 515~…}
}
@article{Pocock1977,
  title={Group sequential methods in the design and analysis of clinical trials},
  author={Pocock, Stuart J},
  journal={Biometrika},
  volume={64},
  number={2},
  pages={191--199},
  year={1977},
  publisher={Oxford University Press}
}
@article{DeMets1994,
  title={Interim analysis: the alpha spending function approach},
  author={Demets, David L and Lan, KK Gordon},
  journal={Statistics in medicine},
  volume={13},
  number={13-14},
  pages={1341--1352},
  year={1994},
  publisher={Wiley Online Library}
}
@book{Rosenbaum2010,
  title={Design of observational studies},
  author={Rosenbaum, Paul R and Rosenbaum, P and Briskman},
  volume={10},
  year={2010},
  publisher={Springer}
}
@book{Box2015,
  title={Time series analysis: forecasting and control},
  author={Box, George EP and Jenkins, Gwilym M and Reinsel, Gregory C and Ljung, Greta M},
  year={2015},
  publisher={John Wiley \& Sons}
}
@inproceedings{ju2019sequential,
  title={A sequential test for selecting the better variant: Online a/b testing, adaptive allocation, and continuous monitoring},
  author={Ju, Nianqiao and Hu, Diane and Henderson, Adam and Hong, Liangjie},
  booktitle={Proceedings of the Twelfth ACM International Conference on Web Search and Data Mining},
  pages={492--500},
  year={2019}
}
@article{nash1950non,
  title={Non-cooperative games},
  author={Nash, John F and others},
  year={1950},
  publisher={Princeton University Princeton}
}
@article{Harsanyi1967,
  title={Games with incomplete information played by “Bayesian” players, I--III Part I. The basic model},
  author={Harsanyi, John C},
  journal={Management science},
  volume={14},
  number={3},
  pages={159--182},
  year={1967},
  publisher={INFORMS}
}
@article{Aumann1974,
  title={Subjectivity and correlation in randomized strategies},
  author={Aumann, Robert J},
  journal={Journal of mathematical Economics},
  volume={1},
  number={1},
  pages={67--96},
  year={1974},
  publisher={Elsevier}
}
@article{Aumann1987,
  title={Correlated equilibrium as an expression of Bayesian rationality},
  author={Aumann, Robert J},
  journal={Econometrica: Journal of the Econometric Society},
  pages={1--18},
  year={1987},
  publisher={JSTOR}
}
@article{Lai1985,
  title={Asymptotically efficient adaptive allocation rules},
  author={Lai, Tze Leung and Robbins, Herbert},
  journal={Advances in applied mathematics},
  volume={6},
  number={1},
  pages={4--22},
  year={1985},
  publisher={Academic Press}
}
@book{Berger1985,
  title={Statistical decision theory and Bayesian analysis},
  author={Berger, James O},
  year={2013},
  publisher={Springer Science \& Business Media}
}
@article{wald1949statistical,
  title={Statistical decision functions},
  author={Wald, Abraham},
  journal={The Annals of Mathematical Statistics},
  pages={165--205},
  year={1949},
  publisher={JSTOR}
}
@book{lehmann2006theory,
  title={Theory of point estimation},
  author={Lehmann, Erich L and Casella, George},
  year={2006},
  publisher={Springer Science \& Business Media}
}
@book{Miettinen1999,
  title={Nonlinear multiobjective optimization},
  author={Miettinen, Kaisa},
  volume={12},
  year={1999},
  publisher={Springer Science \& Business Media}
}
@book{wald2004sequential,
  title={Sequential analysis},
  author={Wald, Abraham},
  year={2004},
  publisher={Courier Corporation}
}

@Comment{jabref-meta: databaseType:bibtex;}
