% Encoding: UTF-8

@article{Benjamini1995,
	title={Controlling the False Discovery Rate: A Practical and Powerful Approach to Multiple Testing},
	author={Yoav Benjamini and Yosef Hochberg},
	journal={Journal of the Royal Statistical Society: Series B (Methodological)},
	volume={57},
	pages={289-300},
	year={1995},
}
@article{Holm1979,
	title={A Simple Sequentially Rejective Multiple Test Procedure},
	author={Sture Holm},
	journal={Scandinavian Journal of Statistics},
	volume={6},
	number={2},
	pages={65-70},
	year={1979},
	publisher={Wiley},
}
@inproceedings{Kohavi2007,
	title={Practical Guide to Controlled Experiments on the Web: Listen to Your Customers not to the HiPPO},
	author={Ron Kohavi and Roger Longbotham and Dan Sommerfield and Randal Henne},
	booktitle={Proceedings of the 13th ACM SIGKDD International Conference on Knowledge Discovery and Data Mining (KDD)},
	pages={959-967},
	year={2007},
	organization={ACM},
}
@book{Fisher1925,
	title={Statistical Methods for Research Workers},
	author={Ronald A. Fisher},
	year={1925},
	publisher={Oliver and Boyd},
	address={Edinburgh},
}
@book{Rice2006,
	title={Mathematical Statistics and Data Analysis},
	author={John A. Rice},
	year={2006},
	edition={3rd},
	publisher={Cengage Learning},
}
@article{Student1908,
	title={The Probable Error of a Mean},
	author={Student},
	journal={Biometrika},
	volume={6},
	number={1},
	pages={1-25},
	year={1908},
	publisher={Oxford University Press},
}
@article{Kohavi2013,
	title={Online Controlled Experiments at Large Scale},
	author={Ron Kohavi and Diane Tang and Ya Xu},
	journal={Proceedings of the 19th ACM SIGKDD International Conference on Knowledge Discovery and Data Mining (KDD)},
	pages={1168-1176},
	year={2013},
	publisher={ACM},
}
@book{Cohen1988,
	title={Statistical Power Analysis for the Behavioral Sciences},
	author={Jacob Cohen},
	year={1988},
	publisher={Lawrence Erlbaum Associates},
	address={Hillsdale, NJ},
}


@article{Sullivan2012,
	title={Using Effect Size—or Why the P Value Is Not Enough},
	author={G. Sullivan and R. Feinn},
	journal={Journal of Graduate Medical Education},
	volume={4},
	number={3},
	pages={279-282},
	year={2012},
}
@article{Button2013,
	title={Power failure: why small sample size undermines the reliability of neuroscience},
	author={Button, Katherine S and Ioannidis, John PA and Mokrysz, Claire and Nosek, Brian A and Flint, Jonathan and Robinson, Emma S and Munafò, Marcus R},
	journal={Nature Reviews Neuroscience},
	volume={14},
	number={5},
	pages={365-376},
	year={2013},
	publisher={Nature Publishing Group},
}

@book{Hollander2013,
	title={Nonparametric Statistical Methods},
	author={Myles Hollander and Douglas A. Wolfe and Eric Chicken},
	year={2013},
	edition={3rd},
	publisher={John Wiley \& Sons},
}
@book{Agresti2002,
	title={Categorical Data Analysis},
	author={Alan Agresti},
	year={2002},
	publisher={Wiley},
	edition={2nd},
}
@article{Newcombe1998,
	title={Two-sided confidence intervals for the single proportion: Comparison of seven methods},
	author={Robert G. Newcombe},
	journal={Statistics in Medicine},
	volume={17},
	number={8},
	pages={857-872},
	year={1998},
	publisher={Wiley},
}
@book{Hosmer2013,
	title={Applied Logistic Regression},
	author={David W. Hosmer, Jr., Stanley Lemeshow, Rodney X. Sturdivant},
	year={2013},
	publisher={Wiley},
	edition={3rd},
}
@article{Pocock1977,
	title={Group Sequential Methods in the Design and Analysis of Clinical Trials},
	author={Stuart J. Pocock},
	journal={Biometrika},
	volume={64},
	number={2},
	pages={191-199},
	year={1977},
	publisher={Oxford University Press},
}
@article{DeMets1994,
	title={Interim analysis: The alpha spending function approach},
	author={DeMets, David L and Lan, K K Gordon},
	journal={Statistics in Medicine},
	volume={13},
	number={13-14},
	pages={1341--1352},
	year={1994},
	publisher={Wiley Online Library}
}
@book{Rosenbaum2010,
	title={Design of Observational Studies},
	author={Paul R. Rosenbaum},
	year={2010},
	publisher={Springer},
}
@book{Box2015,
	title={Time Series Analysis: Forecasting and Control},
	author={George E.P. Box and Gwilym M. Jenkins and Gregory C. Reinsel and Greta M. Ljung},
	year={2015},
	publisher={Wiley},
	edition={5th},
}
	@article{Scott2015,
	title={Multi-Armed Bandit Algorithms for the Optimal Allocation of Resources},
	author={Steven L. Scott},
	journal={Journal of Statistical Software},
	volume={66},
	number={1},
	pages={1-22},
	year={2015},
}
@article{Montgomery2008,
	title={Temporal randomization and its application to online controlled experiments},
	author={Alan L. Montgomery, Peter S. Fader, and Sha Yang},
	journal={Journal of Marketing Research},
	volume={45},
	number={1},
	pages={312-326},
	year={2008},
}
@article{Nash1951,
	title={Non-Cooperative Games},
	author={John F. Nash},
	journal={The Annals of Mathematics},
	volume={54},
	number={2},
	pages={286-295},
	year={1951},
}
@book{Fudenberg1991,
  title={Game Theory},
  author={Fudenberg, Drew},
  year={1991},
  publisher={MIT Press}
}
@article{Harsanyi1967},
title={Games with Incomplete Information Played by “Bayesian” Players, I–III Part I. The Basic Model},
author={John C. Harsanyi},
journal={Management Science},
volume={14},
number={3},
pages={159-182},
year={1967},
}
@article{Aumann1974},
title={Subjectivity and Correlation in Randomized Strategies},
author={Robert J. Aumann},
journal={Journal of Mathematical Economics},
volume={1},
number={1},
pages={67-96},
year={1974},
}
@article{Aumann1987},
title={Correlated Equilibrium as an Expression of Bayesian Rationality},
author={Robert J. Aumann},
journal={Econometrica},
volume={55},
number={1},
pages={1-18},
year={1987},
}
@book{Fudenberg1991},
title={Game Theory},
author={Drew Fudenberg and Jean Tirole},
year={1991},
publisher={MIT Press},
}
@article{Lai1985},
title={Asymptotically Efficient Adaptive Allocation Rules},
author={Tze Leung Lai and Herbert Robbins},
journal={Advances in Applied Mathematics},
volume={6},
pages={4-22},
year={1985},
}
@book{Berger1985,
	title={Statistical Decision Theory and Bayesian Analysis},
	author={James O. Berger},
	year={1985},
	publisher={Springer},
}
@article{Wald1950},
title={Statistical Decision Functions},
author={Abraham Wald},
journal={The Annals of Mathematical Statistics},
year={1950},
volume={21},
number={1},
pages={1-21},
}
@book{Lehmann1998},
title={Theory of Point Estimation},
author={Erich L. Lehmann and George Casella},
year={1998},
publisher={Springer},
}
@book{Miettinen1999},
title={Nonlinear Multiobjective Optimization},
author={Kaisa Miettinen},
year={1999},
publisher={Springer},
}
@book{Wald1947,
	title={Sequential Analysis},
	author={Abraham Wald},
	publisher={Wiley},
	year={1947},
}


@Comment{jabref-meta: databaseType:bibtex;}
